
@article{0965-0393-6-6-007,
  author  = {M Verdier and M Fivel and I Groma},
  title   = {Mesoscopic scale simulation of dislocation dynamics in fcc metals: Principles and applications},
  journal = {Modelling and Simulation in Materials Science and Engineering},
  volume  = {6},
  number  = {6},
  pages   = {755},
  year    = {1998}
}

@article{arsenlis2007enabling,
  title     = {Enabling strain hardening simulations with dislocation dynamics},
  author    = {Arsenlis, Athanasios and Cai, Wei and Tang, Meijie and Rhee, Moono and Oppelstrup, Tomas and Hommes, Gregg and Pierce, Tom G and Bulatov, Vasily V},
  journal   = {Modelling and Simulation in Materials Science and Engineering},
  volume    = {15},
  number    = {6},
  pages     = {553},
  year      = {2007},
  publisher = {IOP Publishing}
}

@inproceedings{boundary_problems_in_dd,
  title        = {Boundary problems in DD simulations},
  author       = {Devincre, B and Roos, A and Groh, S},
  booktitle    = {In: Thermodynamics, Microstructures and Plasticity, A. Finel et al., Nato Sciences Series II: Mathematics, Physics and Chemistry, 108, p. 275, Eds (Kluwer, NL-Dordrecht},
  year         = {2003},
  organization = {Citeseer}
}

@article{bromage2018calculating,
  title     = {Calculating dislocation displacements on the surface of a volume},
  author    = {Bromage, B and Tarleton, E},
  journal   = {Modelling and Simulation in Materials Science and Engineering},
  volume    = {26},
  number    = {8},
  pages     = {085007},
  year      = {2018},
  publisher = {IOP Publishing}
}

@article{Cai2006,
  title     = {A non-singular continuum theory of dislocations},
  author    = {Cai, Wei and Arsenlis, Athanasios and Weinberger, Christopher R and Bulatov, Vasily V},
  journal   = {Journal of the Mechanics and Physics of Solids},
  volume    = {54},
  number    = {3},
  pages     = {561--587},
  year      = {2006},
  publisher = {Elsevier}
}

@article{ddd_disp,
  author  = {B Bromage and E Tarleton},
  title   = {Calculating dislocation displacements on the surface of a volume},
  journal = {Modelling and Simulation in Materials Science and Engineering},
  volume  = {26},
  number  = {8},
  pages   = {085007},
  year    = {2018}
}

@article{ddd_precipitate,
  title     = {Nucleation and propagation of dislocations near a precipitate using 3D discrete dislocation dynamics simulations},
  author    = {Shin, CS and Fivel, MC and Oh, KH},
  journal   = {Le Journal de Physique IV},
  volume    = {11},
  number    = {PR5},
  pages     = {Pr5--27},
  year      = {2001},
  publisher = {EDP sciences}
}

@article{doi:10.1080/14786430500341250,
  author    = { C.   D{\'e}pr{\'e}s  and  C. F.   Robertson  and  M. C.   Fivel },
  title     = {Low-strain fatigue in 316L steel surface grains: a three dimension discrete dislocation dynamics modelling of the early cycles. Part 2: Persistent slip markings and micro-crack nucleation},
  journal   = {Philosophical Magazine},
  volume    = {86},
  number    = {1},
  pages     = {79-97},
  year      = {2006},
  publisher = {Taylor & Francis},
  doi       = {10.1080/14786430500341250}
}

@book{eigenstrain_book,
  title     = {Micromechanics of defects in solids},
  author    = {Mura, Toshio},
  year      = {2013},
  publisher = {Springer Science \& Business Media}
}

@article{eigenstrain_inclusions,
  title     = {Multiscale modeling of inclusions and precipitation hardening in metal matrix composites: Application to advanced high-strength steels},
  author    = {Askari, Hesam and Zbib, Hussein M and Sun, Xin},
  journal   = {Journal of Nanomechanics and Micromechanics},
  volume    = {3},
  number    = {2},
  pages     = {24--33},
  year      = {2012},
  publisher = {American Society of Civil Engineers}
}

@article{gauss_leg,
  title   = {Calculation of Gauss quadrature rules},
  author  = {Golub, Gene H and Welsch, John H},
  journal = {Mathematics of computation},
  volume  = {23},
  number  = {106},
  pages   = {221--230},
  year    = {1969}
}

@article{gauss_leg_sing,
  title     = {Numerical evaluation of singular and near-singular potential integrals},
  author    = {Khayat, Michael A and Wilton, Donald R},
  journal   = {IEEE Transactions on Antennas and Propagation},
  volume    = {53},
  number    = {10},
  pages     = {3180--3190},
  year      = {2005},
  publisher = {IEEE}
}

@article{Groh2009,
  author          = {Groh, S. and Zbib, H. M.},
  doi             = {10.1115/1.3183783},
  isbn            = {00944289},
  issn            = {00944289},
  journal         = {Journal of Engineering Materials and Technology},
  mendeley-groups = {DDLab},
  number          = {4},
  pages           = {041209},
  title           = {{Advances in Discrete Dislocations Dynamics and Multiscale Modeling}},
  volume          = {131},
  year            = {2009}
}

@article{head1953edge,
  title     = {Edge dislocations in inhomogeneous media},
  author    = {Head, AK},
  journal   = {Proceedings of the Physical Society. Section B},
  volume    = {66},
  number    = {9},
  pages     = {793},
  year      = {1953},
  publisher = {IOP Publishing}
}

@misc{hirth1983theory,
  title     = {Theory of dislocations},
  author    = {Hirth, John Price and Lothe, Jens and Mura, T},
  year      = {1983},
  publisher = {American Society of Mechanical Engineers Digital Collection}
}

@article{ODay2004,
  annote          = {New superposition principle for regions with different elastic constansts},
  author          = {O'Day, M. P. and Curtin, W. a.},
  doi             = {10.1115/1.1794167},
  isbn            = {0021-8936},
  issn            = {00218936},
  journal         = {Journal of Applied Mechanics},
  keywords        = {crack paper},
  mendeley-groups = {crack paper},
  mendeley-tags   = {crack paper},
  number          = {November 2004},
  pages           = {805},
  title           = {{A Superposition Framework for Discrete Dislocation Plasticity}},
  volume          = {71},
  year            = {2004}
}

@article{Queyreau,
  title     = {Analytical integration of the forces induced by dislocations on a surface element},
  author    = {Queyreau, S and Marian, J and Wirth, BD and Arsenlis, A},
  journal   = {Modelling and Simulation in Materials Science and Engineering},
  volume    = {22},
  number    = {3},
  pages     = {035004},
  year      = {2014},
  publisher = {IOP Publishing}
}

@article{singular_dislocation_theory,
  title     = {Theory of dislocations},
  author    = {Hirth, John P and Lothe, Jens},
  year      = {1982},
  publisher = {John Wiley$\backslash$\& Sons}
}

@article{superposition_scheme0,
  title     = {Discrete dislocation plasticity: a simple planar model},
  author    = {Van der Giessen, Erik and Needleman, Alan},
  journal   = {Modelling and Simulation in Materials Science and Engineering},
  volume    = {3},
  number    = {5},
  pages     = {689},
  year      = {1995},
  publisher = {IOP Publishing}
}

  	
@article{superposition_scheme1,
  title     = {Developing rigorous boundary conditions to simulations of discrete dislocation dynamics},
  author    = {Fivel, MC and Canova, GR},
  journal   = {Modelling and Simulation in Materials Science and Engineering},
  volume    = {7},
  number    = {5},
  pages     = {753},
  year      = {1999},
  publisher = {IOP Publishing}
}
	
@article{superposition_scheme2,
  title     = {A computational method for dislocation--precipitate interaction},
  author    = {Takahashi, Akiyuki and Ghoniem, Nasr M},
  journal   = {Journal of the Mechanics and Physics of Solids},
  volume    = {56},
  number    = {4},
  pages     = {1534--1553},
  year      = {2008},
  publisher = {Elsevier}
}	


@article{tarleton2015discrete,
  title     = {A discrete dislocation plasticity study of the micro-cantilever size effect},
  author    = {Tarleton, E and Balint, DS and Gong, J and Wilkinson, AJ},
  journal   = {Acta Materialia},
  volume    = {88},
  pages     = {271--282},
  year      = {2015},
  publisher = {Elsevier}
}

@article{YU2018,
  title   = {Discrete dislocation plasticity HELPs understand hydrogen effects in bcc materials},
  journal = {Journal of the Mechanics and Physics of Solids},
  year    = {2018},
  issn    = {0022-5096},
  doi     = {https://doi.org/10.1016/j.jmps.2018.08.020},
  author  = {Haiyang Yu and Alan Cocks and Edmund Tarleton}
}
